<?xml version="1.0" encoding="UTF-8"?><collection xmlns="http://www.loc.gov/MARC21/slim"><record><leader>00562nam--2200133-i-4500</leader><controlfield tag="001">000031853</controlfield><controlfield tag="002">20161230</controlfield><controlfield tag="005">20161230201038</controlfield><controlfield tag="008">060222s1000------------r-----000-0-eng-d</controlfield><datafield ind1=" " ind2=" " tag="080"><subfield code="a">015:550.42:551.49</subfield></datafield><datafield ind1=" " ind2=" " tag="100"><subfield code="a">Maurin, Noel</subfield></datafield><datafield ind1=" " ind2=" " tag="245"><subfield code="a">Contributions a l`etude experimentale du role de l`eau dans la mise en solution d`elements chimiques constitutifs du basalte et dans la precipitation du certains sels en milieu marin (application au volcanisme spilitique). /these</subfield></datafield><datafield ind1=" " ind2=" " tag="260"><subfield code="a">Grenoble, L`Univ.Scientifique Et Medicale De Grenoble, 1972, 135p</subfield></datafield><datafield ind1=" " ind2=" " tag="852"><subfield code="a">38193</subfield></datafield></record></collection>